% generated by bibly: https://github.com/michael-emmi/bibly#readme

