% generated by bibly: https://github.com/michael-emmi/bibly#readme

@inproceedings{DBLP:conf/sss/ShapiroPBZ11,
  author    = {Marc Shapiro and
               Nuno M. Pregui{\c{c}}a and
               Carlos Baquero and
               Marek Zawirski},
  editor    = {Xavier D{\'{e}}fago and
               Franck Petit and
               Vincent Villain},
  title     = {Conflict-Free Replicated Data Types},
  booktitle = {Stabilization, Safety, and Security of Distributed Systems - 13th
               International Symposium, {SSS} 2011, Grenoble, France, October 10-12,
               2011. Proceedings},
  series    = {Lecture Notes in Computer Science},
  volume    = {6976},
  pages     = {386--400},
  publisher = {Springer},
  year      = {2011},
  url       = {https://doi.org/10.1007/978-3-642-24550-3\_29},
  doi       = {10.1007/978-3-642-24550-3\_29},
  timestamp = {Fri, 03 Nov 2017 11:21:27 +0100},
  biburl    = {https://dblp.org/rec/bib/conf/sss/ShapiroPBZ11},
  bibsource = {dblp computer science bibliography, https://dblp.org}
}

@book{DBLP:books/fm/GareyJ79,
  author    = {M. R. Garey and
               David S. Johnson},
  title     = {Computers and Intractability: {A} Guide to the Theory of NP-Completeness},
  publisher = {W. H. Freeman},
  year      = {1979},
  isbn      = {0-7167-1044-7},
  timestamp = {Thu, 29 Mar 2007 16:16:40 +0200},
  biburl    = {https://dblp.org/rec/bib/books/fm/GareyJ79},
  bibsource = {dblp computer science bibliography, https://dblp.org}
}

@article{DBLP:journals/cacm/Lamport78,
  author    = {Leslie Lamport},
  title     = {Time, Clocks, and the Ordering of Events in a Distributed System},
  journal   = {Commun. {ACM}},
  volume    = {21},
  number    = {7},
  pages     = {558--565},
  year      = {1978},
  url       = {https://doi.org/10.1145/359545.359563},
  doi       = {10.1145/359545.359563},
  timestamp = {Wed, 14 Nov 2018 10:22:32 +0100},
  biburl    = {https://dblp.org/rec/bib/journals/cacm/Lamport78},
  bibsource = {dblp computer science bibliography, https://dblp.org}
}

@article{DBLP:journals/eatcs/ShapiroPBZ11,
  author    = {Marc Shapiro and
               Nuno M. Pregui{\c{c}}a and
               Carlos Baquero and
               Marek Zawirski},
  title     = {Convergent and Commutative Replicated Data Types},
  journal   = {Bulletin of the {EATCS}},
  volume    = {104},
  pages     = {67--88},
  year      = {2011},
  url       = {http://eatcs.org/beatcs/index.php/beatcs/article/view/120},
  timestamp = {Thu, 12 Apr 2018 12:49:02 +0200},
  biburl    = {https://dblp.org/rec/bib/journals/eatcs/ShapiroPBZ11},
  bibsource = {dblp computer science bibliography, https://dblp.org}
}

@inproceedings{DBLP:conf/popl/BouajjaniEGH17,
  author    = {Ahmed Bouajjani and
               Constantin Enea and
               Rachid Guerraoui and
               Jad Hamza},
  editor    = {Giuseppe Castagna and
               Andrew D. Gordon},
  title     = {On verifying causal consistency},
  booktitle = {Proceedings of the 44th {ACM} {SIGPLAN} Symposium on Principles of
               Programming Languages, {POPL} 2017, Paris, France, January 18-20,
               2017},
  pages     = {626--638},
  publisher = {{ACM}},
  year      = {2017},
  url       = {http://dl.acm.org/citation.cfm?id=3009888},
  timestamp = {Tue, 06 Nov 2018 11:07:42 +0100},
  biburl    = {https://dblp.org/rec/bib/conf/popl/BouajjaniEGH17},
  bibsource = {dblp computer science bibliography, https://dblp.org}
}

@article{DBLP:journals/siamcomp/GibbonsK97,
  author    = {Phillip B. Gibbons and
               Ephraim Korach},
  title     = {Testing Shared Memories},
  journal   = {{SIAM} J. Comput.},
  volume    = {26},
  number    = {4},
  pages     = {1208--1244},
  year      = {1997},
  url       = {https://doi.org/10.1137/S0097539794279614},
  doi       = {10.1137/S0097539794279614},
  timestamp = {Sat, 27 May 2017 14:22:59 +0200},
  biburl    = {https://dblp.org/rec/bib/journals/siamcomp/GibbonsK97},
  bibsource = {dblp computer science bibliography, https://dblp.org}
}

@article{DBLP:journals/pacmpl/EmmiE19,
  author    = {Michael Emmi and
               Constantin Enea},
  title     = {Weak-consistency specification via visibility relaxation},
  journal   = {{PACMPL}},
  volume    = {3},
  number    = {{POPL}},
  pages     = {60:1--60:28},
  year      = {2019},
  url       = {https://dl.acm.org/citation.cfm?id=3290373},
  timestamp = {Tue, 22 Jan 2019 15:27:56 +0100},
  biburl    = {https://dblp.org/rec/bib/journals/pacmpl/EmmiE19},
  bibsource = {dblp computer science bibliography, https://dblp.org}
}

@inproceedings{DBLP:conf/popl/Wolper86,
  author    = {Pierre Wolper},
  title     = {Expressing Interesting Properties of Programs in Propositional Temporal
               Logic},
  booktitle = {Conference Record of the Thirteenth Annual {ACM} Symposium on Principles
               of Programming Languages, St. Petersburg Beach, Florida, USA, January
               1986},
  pages     = {184--193},
  publisher = {{ACM} Press},
  year      = {1986},
  url       = {https://doi.org/10.1145/512644.512661},
  doi       = {10.1145/512644.512661},
  timestamp = {Tue, 06 Nov 2018 11:07:43 +0100},
  biburl    = {https://dblp.org/rec/bib/conf/popl/Wolper86},
  bibsource = {dblp computer science bibliography, https://dblp.org}
}

@article{DBLP:journals/tc/Lamport79,
  author    = {Leslie Lamport},
  title     = {How to Make a Multiprocessor Computer That Correctly Executes Multiprocess
               Programs},
  journal   = {{IEEE} Trans. Computers},
  volume    = {28},
  number    = {9},
  pages     = {690--691},
  year      = {1979},
  url       = {https://doi.org/10.1109/TC.1979.1675439},
  doi       = {10.1109/TC.1979.1675439},
  timestamp = {Wed, 14 Nov 2018 10:48:33 +0100},
  biburl    = {https://dblp.org/rec/bib/journals/tc/Lamport79},
  bibsource = {dblp computer science bibliography, https://dblp.org}
}

@article{DBLP:journals/toplas/HerlihyW90,
  author    = {Maurice Herlihy and
               Jeannette M. Wing},
  title     = {Linearizability: {A} Correctness Condition for Concurrent Objects},
  journal   = {{ACM} Trans. Program. Lang. Syst.},
  volume    = {12},
  number    = {3},
  pages     = {463--492},
  year      = {1990},
  url       = {https://doi.org/10.1145/78969.78972},
  doi       = {10.1145/78969.78972},
  timestamp = {Wed, 14 Nov 2018 10:30:40 +0100},
  biburl    = {https://dblp.org/rec/bib/journals/toplas/HerlihyW90},
  bibsource = {dblp computer science bibliography, https://dblp.org}
}

@inproceedings{DBLP:conf/pdis/TerryDPSTW94,
  author    = {Douglas B. Terry and
               Alan J. Demers and
               Karin Petersen and
               Mike Spreitzer and
               Marvin Theimer and
               Brent B. Welch},
  title     = {Session Guarantees for Weakly Consistent Replicated Data},
  booktitle = {Proceedings of the Third International Conference on Parallel and
               Distributed Information Systems {(PDIS} 94), Austin, Texas, USA, September
               28-30, 1994},
  pages     = {140--149},
  publisher = {{IEEE} Computer Society},
  year      = {1994},
  url       = {https://doi.org/10.1109/PDIS.1994.331722},
  doi       = {10.1109/PDIS.1994.331722},
  timestamp = {Tue, 19 Jun 2018 08:20:10 +0200},
  biburl    = {https://dblp.org/rec/bib/conf/pdis/TerryDPSTW94},
  bibsource = {dblp computer science bibliography, https://dblp.org}
}

@inproceedings{DBLP:conf/sosp/TerryTPDSH95,
  author    = {Douglas B. Terry and
               Marvin Theimer and
               Karin Petersen and
               Alan J. Demers and
               Mike Spreitzer and
               Carl Hauser},
  editor    = {Michael B. Jones},
  title     = {Managing Update Conflicts in Bayou, a Weakly Connected Replicated
               Storage System},
  booktitle = {Proceedings of the Fifteenth {ACM} Symposium on Operating System Principles,
               {SOSP} 1995, Copper Mountain Resort, Colorado, USA, December 3-6,
               1995},
  pages     = {172--183},
  publisher = {{ACM}},
  year      = {1995},
  url       = {https://doi.org/10.1145/224056.224070},
  doi       = {10.1145/224056.224070},
  timestamp = {Wed, 14 Nov 2018 10:55:11 +0100},
  biburl    = {https://dblp.org/rec/bib/conf/sosp/TerryTPDSH95},
  bibsource = {dblp computer science bibliography, https://dblp.org}
}

@inproceedings{DBLP:conf/popl/MansonPA05,
  author    = {Jeremy Manson and
               William Pugh and
               Sarita V. Adve},
  editor    = {Jens Palsberg and
               Mart{\'{\i}}n Abadi},
  title     = {The Java memory model},
  booktitle = {Proceedings of the 32nd {ACM} {SIGPLAN-SIGACT} Symposium on Principles
               of Programming Languages, {POPL} 2005, Long Beach, California, USA,
               January 12-14, 2005},
  pages     = {378--391},
  publisher = {{ACM}},
  year      = {2005},
  url       = {https://doi.org/10.1145/1040305.1040336},
  doi       = {10.1145/1040305.1040336},
  timestamp = {Tue, 06 Nov 2018 11:07:43 +0100},
  biburl    = {https://dblp.org/rec/bib/conf/popl/MansonPA05},
  bibsource = {dblp computer science bibliography, https://dblp.org}
}

@article{DBLP:journals/ftpl/Burckhardt14,
  author    = {Sebastian Burckhardt},
  title     = {Principles of Eventual Consistency},
  journal   = {Foundations and Trends in Programming Languages},
  volume    = {1},
  number    = {1-2},
  pages     = {1--150},
  year      = {2014},
  url       = {https://doi.org/10.1561/2500000011},
  doi       = {10.1561/2500000011},
  timestamp = {Fri, 26 May 2017 22:50:41 +0200},
  biburl    = {https://dblp.org/rec/bib/journals/ftpl/Burckhardt14},
  bibsource = {dblp computer science bibliography, https://dblp.org}
}

@inproceedings{DBLP:conf/popl/BurckhardtGYZ14,
  author    = {Sebastian Burckhardt and
               Alexey Gotsman and
               Hongseok Yang and
               Marek Zawirski},
  editor    = {Suresh Jagannathan and
               Peter Sewell},
  title     = {Replicated data types: specification, verification, optimality},
  booktitle = {The 41st Annual {ACM} {SIGPLAN-SIGACT} Symposium on Principles of
               Programming Languages, {POPL} '14, San Diego, CA, USA, January 20-21,
               2014},
  pages     = {271--284},
  publisher = {{ACM}},
  year      = {2014},
  url       = {https://doi.org/10.1145/2535838.2535848},
  doi       = {10.1145/2535838.2535848},
  timestamp = {Tue, 06 Nov 2018 11:07:43 +0100},
  biburl    = {https://dblp.org/rec/bib/conf/popl/BurckhardtGYZ14},
  bibsource = {dblp computer science bibliography, https://dblp.org}
}

@article{DBLP:journals/jacm/Papadimitriou79b,
  author    = {Christos H. Papadimitriou},
  title     = {The serializability of concurrent database updates},
  journal   = {J. {ACM}},
  volume    = {26},
  number    = {4},
  pages     = {631--653},
  year      = {1979},
  url       = {https://doi.org/10.1145/322154.322158},
  doi       = {10.1145/322154.322158},
  timestamp = {Tue, 06 Nov 2018 12:51:44 +0100},
  biburl    = {https://dblp.org/rec/bib/journals/jacm/Papadimitriou79b},
  bibsource = {dblp computer science bibliography, https://dblp.org}
}

@article{DBLP:journals/iandc/AlurMP00,
  author    = {Rajeev Alur and
               Kenneth L. McMillan and
               Doron A. Peled},
  title     = {Model-Checking of Correctness Conditions for Concurrent Objects},
  journal   = {Inf. Comput.},
  volume    = {160},
  number    = {1-2},
  pages     = {167--188},
  year      = {2000},
  url       = {https://doi.org/10.1006/inco.1999.2847},
  doi       = {10.1006/inco.1999.2847},
  timestamp = {Thu, 18 May 2017 09:54:22 +0200},
  biburl    = {https://dblp.org/rec/bib/journals/iandc/AlurMP00},
  bibsource = {dblp computer science bibliography, https://dblp.org}
}

@inproceedings{DBLP:conf/spaa/BinghamCH03,
  author    = {Jesse D. Bingham and
               Anne Condon and
               Alan J. Hu},
  editor    = {Arnold L. Rosenberg and
               Friedhelm Meyer auf der Heide},
  title     = {Toward a decidable notion of sequential consistency},
  booktitle = {{SPAA} 2003: Proceedings of the Fifteenth Annual {ACM} Symposium on
               Parallelism in Algorithms and Architectures, June 7-9, 2003, San Diego,
               California, {USA} (part of {FCRC} 2003)},
  pages     = {304--313},
  publisher = {{ACM}},
  year      = {2003},
  url       = {https://doi.org/10.1145/777412.777467},
  doi       = {10.1145/777412.777467},
  timestamp = {Wed, 21 Nov 2018 11:11:22 +0100},
  biburl    = {https://dblp.org/rec/bib/conf/spaa/BinghamCH03},
  bibsource = {dblp computer science bibliography, https://dblp.org}
}

@inproceedings{DBLP:conf/cav/FarzanM08,
  author    = {Azadeh Farzan and
               P. Madhusudan},
  editor    = {Aarti Gupta and
               Sharad Malik},
  title     = {Monitoring Atomicity in Concurrent Programs},
  booktitle = {Computer Aided Verification, 20th International Conference, {CAV}
               2008, Princeton, NJ, USA, July 7-14, 2008, Proceedings},
  series    = {Lecture Notes in Computer Science},
  volume    = {5123},
  pages     = {52--65},
  publisher = {Springer},
  year      = {2008},
  url       = {https://doi.org/10.1007/978-3-540-70545-1\_8},
  doi       = {10.1007/978-3-540-70545-1\_8},
  timestamp = {Wed, 03 Oct 2018 12:55:02 +0200},
  biburl    = {https://dblp.org/rec/bib/conf/cav/FarzanM08},
  bibsource = {dblp computer science bibliography, https://dblp.org}
}

@inproceedings{DBLP:conf/esop/BouajjaniEEH13,
  author    = {Ahmed Bouajjani and
               Michael Emmi and
               Constantin Enea and
               Jad Hamza},
  editor    = {Matthias Felleisen and
               Philippa Gardner},
  title     = {Verifying Concurrent Programs against Sequential Specifications},
  booktitle = {Programming Languages and Systems - 22nd European Symposium on Programming,
               {ESOP} 2013, Held as Part of the European Joint Conferences on Theory
               and Practice of Software, {ETAPS} 2013, Rome, Italy, March 16-24,
               2013. Proceedings},
  series    = {Lecture Notes in Computer Science},
  volume    = {7792},
  pages     = {290--309},
  publisher = {Springer},
  year      = {2013},
  url       = {https://doi.org/10.1007/978-3-642-37036-6\_17},
  doi       = {10.1007/978-3-642-37036-6\_17},
  timestamp = {Tue, 26 Jun 2018 14:12:43 +0200},
  biburl    = {https://dblp.org/rec/bib/conf/esop/BouajjaniEEH13},
  bibsource = {dblp computer science bibliography, https://dblp.org}
}

@inproceedings{DBLP:conf/netys/Hamza15,
  author    = {Jad Hamza},
  editor    = {Ahmed Bouajjani and
               Hugues Fauconnier},
  title     = {On the Complexity of Linearizability},
  booktitle = {Networked Systems - Third International Conference, {NETYS} 2015,
               Agadir, Morocco, May 13-15, 2015, Revised Selected Papers},
  series    = {Lecture Notes in Computer Science},
  volume    = {9466},
  pages     = {308--321},
  publisher = {Springer},
  year      = {2015},
  url       = {https://doi.org/10.1007/978-3-319-26850-7\_21},
  doi       = {10.1007/978-3-319-26850-7\_21},
  timestamp = {Tue, 23 May 2017 01:11:29 +0200},
  biburl    = {https://dblp.org/rec/bib/conf/netys/Hamza15},
  bibsource = {dblp computer science bibliography, https://dblp.org}
}

@article{DBLP:journals/iandc/BouajjaniEEH18,
  author    = {Ahmed Bouajjani and
               Michael Emmi and
               Constantin Enea and
               Jad Hamza},
  title     = {On reducing linearizability to state reachability},
  journal   = {Inf. Comput.},
  volume    = {261},
  number    = {Part},
  pages     = {383--400},
  year      = {2018},
  url       = {https://doi.org/10.1016/j.ic.2018.02.014},
  doi       = {10.1016/j.ic.2018.02.014},
  timestamp = {Thu, 21 Jun 2018 12:18:13 +0200},
  biburl    = {https://dblp.org/rec/bib/journals/iandc/BouajjaniEEH18},
  bibsource = {dblp computer science bibliography, https://dblp.org}
}

@article{DBLP:journals/pacmpl/EmmiE18,
  author    = {Michael Emmi and
               Constantin Enea},
  title     = {Sound, complete, and tractable linearizability monitoring for concurrent
               collections},
  journal   = {{PACMPL}},
  volume    = {2},
  number    = {{POPL}},
  pages     = {25:1--25:27},
  year      = {2018},
  url       = {https://doi.org/10.1145/3158113},
  doi       = {10.1145/3158113},
  timestamp = {Tue, 06 Nov 2018 12:51:05 +0100},
  biburl    = {https://dblp.org/rec/bib/journals/pacmpl/EmmiE18},
  bibsource = {dblp computer science bibliography, https://dblp.org}
}

@inproceedings{DBLP:conf/cav/HenzingerQR99a,
  author    = {Thomas A. Henzinger and
               Shaz Qadeer and
               Sriram K. Rajamani},
  editor    = {Nicolas Halbwachs and
               Doron A. Peled},
  title     = {Verifying Sequential Consistency on Shared-Memory Multiprocessor Systems},
  booktitle = {Computer Aided Verification, 11th International Conference, {CAV}
               '99, Trento, Italy, July 6-10, 1999, Proceedings},
  series    = {Lecture Notes in Computer Science},
  volume    = {1633},
  pages     = {301--315},
  publisher = {Springer},
  year      = {1999},
  url       = {https://doi.org/10.1007/3-540-48683-6\_27},
  doi       = {10.1007/3-540-48683-6\_27},
  timestamp = {Wed, 24 May 2017 15:40:41 +0200},
  biburl    = {https://dblp.org/rec/bib/conf/cav/HenzingerQR99a},
  bibsource = {dblp computer science bibliography, https://dblp.org}
}

@article{DBLP:journals/tpds/Qadeer03,
  author    = {Shaz Qadeer},
  title     = {Verifying Sequential Consistency on Shared-Memory Multiprocessors
               by Model Checking},
  journal   = {{IEEE} Trans. Parallel Distrib. Syst.},
  volume    = {14},
  number    = {8},
  pages     = {730--741},
  year      = {2003},
  url       = {https://doi.org/10.1109/TPDS.2003.1225053},
  doi       = {10.1109/TPDS.2003.1225053},
  timestamp = {Wed, 14 Nov 2018 10:33:47 +0100},
  biburl    = {https://dblp.org/rec/bib/journals/tpds/Qadeer03},
  bibsource = {dblp computer science bibliography, https://dblp.org}
}

@inproceedings{DBLP:conf/cav/BinghamCHQZ04,
  author    = {Jesse D. Bingham and
               Anne Condon and
               Alan J. Hu and
               Shaz Qadeer and
               Zhichuan Zhang},
  editor    = {Rajeev Alur and
               Doron A. Peled},
  title     = {Automatic Verification of Sequential Consistency for Unbounded Addresses
               and Data Values},
  booktitle = {Computer Aided Verification, 16th International Conference, {CAV}
               2004, Boston, MA, USA, July 13-17, 2004, Proceedings},
  series    = {Lecture Notes in Computer Science},
  volume    = {3114},
  pages     = {427--439},
  publisher = {Springer},
  year      = {2004},
  url       = {https://doi.org/10.1007/978-3-540-27813-9\_33},
  doi       = {10.1007/978-3-540-27813-9\_33},
  timestamp = {Tue, 30 May 2017 12:57:44 +0200},
  biburl    = {https://dblp.org/rec/bib/conf/cav/BinghamCHQZ04},
  bibsource = {dblp computer science bibliography, https://dblp.org}
}

@inproceedings{DBLP:conf/pldi/BurckhardtAM07,
  author    = {Sebastian Burckhardt and
               Rajeev Alur and
               Milo M. K. Martin},
  editor    = {Jeanne Ferrante and
               Kathryn S. McKinley},
  title     = {CheckFence: checking consistency of concurrent data types on relaxed
               memory models},
  booktitle = {Proceedings of the {ACM} {SIGPLAN} 2007 Conference on Programming
               Language Design and Implementation, San Diego, California, USA, June
               10-13, 2007},
  pages     = {12--21},
  publisher = {{ACM}},
  year      = {2007},
  url       = {https://doi.org/10.1145/1250734.1250737},
  doi       = {10.1145/1250734.1250737},
  timestamp = {Tue, 06 Nov 2018 16:59:30 +0100},
  biburl    = {https://dblp.org/rec/bib/conf/pldi/BurckhardtAM07},
  bibsource = {dblp computer science bibliography, https://dblp.org}
}

@inproceedings{DBLP:conf/fmcad/0002OPTZ07,
  author    = {Ariel Cohen and
               John W. O'Leary and
               Amir Pnueli and
               Mark R. Tuttle and
               Lenore D. Zuck},
  title     = {Verifying Correctness of Transactional Memories},
  booktitle = {Formal Methods in Computer-Aided Design, 7th International Conference,
               {FMCAD} 2007, Austin, Texas, USA, November 11-14, 2007, Proceedings},
  pages     = {37--44},
  publisher = {{IEEE} Computer Society},
  year      = {2007},
  url       = {https://doi.org/10.1109/FAMCAD.2007.40},
  doi       = {10.1109/FAMCAD.2007.40},
  timestamp = {Wed, 17 May 2017 10:54:03 +0200},
  biburl    = {https://dblp.org/rec/bib/conf/fmcad/0002OPTZ07},
  bibsource = {dblp computer science bibliography, https://dblp.org}
}

@inproceedings{DBLP:conf/pldi/GuerraouiHJS08,
  author    = {Rachid Guerraoui and
               Thomas A. Henzinger and
               Barbara Jobstmann and
               Vasu Singh},
  editor    = {Rajiv Gupta and
               Saman P. Amarasinghe},
  title     = {Model checking transactional memories},
  booktitle = {Proceedings of the {ACM} {SIGPLAN} 2008 Conference on Programming
               Language Design and Implementation, Tucson, AZ, USA, June 7-13, 2008},
  pages     = {372--382},
  publisher = {{ACM}},
  year      = {2008},
  url       = {https://doi.org/10.1145/1375581.1375626},
  doi       = {10.1145/1375581.1375626},
  timestamp = {Tue, 06 Nov 2018 16:59:30 +0100},
  biburl    = {https://dblp.org/rec/bib/conf/pldi/GuerraouiHJS08},
  bibsource = {dblp computer science bibliography, https://dblp.org}
}

@inproceedings{DBLP:conf/pldi/EmmiMM10,
  author    = {Michael Emmi and
               Rupak Majumdar and
               Roman Manevich},
  editor    = {Benjamin G. Zorn and
               Alexander Aiken},
  title     = {Parameterized verification of transactional memories},
  booktitle = {Proceedings of the 2010 {ACM} {SIGPLAN} Conference on Programming
               Language Design and Implementation, {PLDI} 2010, Toronto, Ontario,
               Canada, June 5-10, 2010},
  pages     = {134--145},
  publisher = {{ACM}},
  year      = {2010},
  url       = {https://doi.org/10.1145/1806596.1806613},
  doi       = {10.1145/1806596.1806613},
  timestamp = {Tue, 06 Nov 2018 16:59:30 +0100},
  biburl    = {https://dblp.org/rec/bib/conf/pldi/EmmiMM10},
  bibsource = {dblp computer science bibliography, https://dblp.org}
}

@article{DBLP:journals/jpdc/WingG93,
  author    = {Jeannette M. Wing and
               C. Gong},
  title     = {Testing and Verifying Concurrent Objects},
  journal   = {J. Parallel Distrib. Comput.},
  volume    = {17},
  number    = {1-2},
  pages     = {164--182},
  year      = {1993},
  url       = {https://doi.org/10.1006/jpdc.1993.1015},
  doi       = {10.1006/jpdc.1993.1015},
  timestamp = {Fri, 26 May 2017 22:51:58 +0200},
  biburl    = {https://dblp.org/rec/bib/journals/jpdc/WingG93},
  bibsource = {dblp computer science bibliography, https://dblp.org}
}

@inproceedings{DBLP:conf/pldi/BurckhardtDMT10,
  author    = {Sebastian Burckhardt and
               Chris Dern and
               Madanlal Musuvathi and
               Roy Tan},
  editor    = {Benjamin G. Zorn and
               Alexander Aiken},
  title     = {Line-up: a complete and automatic linearizability checker},
  booktitle = {Proceedings of the 2010 {ACM} {SIGPLAN} Conference on Programming
               Language Design and Implementation, {PLDI} 2010, Toronto, Ontario,
               Canada, June 5-10, 2010},
  pages     = {330--340},
  publisher = {{ACM}},
  year      = {2010},
  url       = {https://doi.org/10.1145/1806596.1806634},
  doi       = {10.1145/1806596.1806634},
  timestamp = {Tue, 06 Nov 2018 16:59:31 +0100},
  biburl    = {https://dblp.org/rec/bib/conf/pldi/BurckhardtDMT10},
  bibsource = {dblp computer science bibliography, https://dblp.org}
}

@inproceedings{DBLP:conf/pldi/EmmiEH15,
  author    = {Michael Emmi and
               Constantin Enea and
               Jad Hamza},
  editor    = {David Grove and
               Steve Blackburn},
  title     = {Monitoring refinement via symbolic reasoning},
  booktitle = {Proceedings of the 36th {ACM} {SIGPLAN} Conference on Programming
               Language Design and Implementation, Portland, OR, USA, June 15-17,
               2015},
  pages     = {260--269},
  publisher = {{ACM}},
  year      = {2015},
  url       = {https://doi.org/10.1145/2737924.2737983},
  doi       = {10.1145/2737924.2737983},
  timestamp = {Tue, 06 Nov 2018 16:59:30 +0100},
  biburl    = {https://dblp.org/rec/bib/conf/pldi/EmmiEH15},
  bibsource = {dblp computer science bibliography, https://dblp.org}
}

@article{DBLP:journals/concurrency/Lowe17,
  author    = {Gavin Lowe},
  title     = {Testing for linearizability},
  journal   = {Concurrency and Computation: Practice and Experience},
  volume    = {29},
  number    = {4},
  year      = {2017},
  url       = {https://doi.org/10.1002/cpe.3928},
  doi       = {10.1002/cpe.3928},
  timestamp = {Sat, 20 May 2017 00:25:16 +0200},
  biburl    = {https://dblp.org/rec/bib/journals/concurrency/Lowe17},
  bibsource = {dblp computer science bibliography, https://dblp.org}
}

@inproceedings{DBLP:conf/popl/BouajjaniEH14,
  author    = {Ahmed Bouajjani and
               Constantin Enea and
               Jad Hamza},
  editor    = {Suresh Jagannathan and
               Peter Sewell},
  title     = {Verifying eventual consistency of optimistic replication systems},
  booktitle = {The 41st Annual {ACM} {SIGPLAN-SIGACT} Symposium on Principles of
               Programming Languages, {POPL} '14, San Diego, CA, USA, January 20-21,
               2014},
  pages     = {285--296},
  publisher = {{ACM}},
  year      = {2014},
  url       = {https://doi.org/10.1145/2535838.2535877},
  doi       = {10.1145/2535838.2535877},
  timestamp = {Tue, 06 Nov 2018 11:07:42 +0100},
  biburl    = {https://dblp.org/rec/bib/conf/popl/BouajjaniEH14},
  bibsource = {dblp computer science bibliography, https://dblp.org}
}

@inproceedings{DBLP:conf/cav/EmmiE18,
  author    = {Michael Emmi and
               Constantin Enea},
  editor    = {Hana Chockler and
               Georg Weissenbacher},
  title     = {Monitoring Weak Consistency},
  booktitle = {Computer Aided Verification - 30th International Conference, {CAV}
               2018, Held as Part of the Federated Logic Conference, FloC 2018, Oxford,
               UK, July 14-17, 2018, Proceedings, Part {I}},
  series    = {Lecture Notes in Computer Science},
  volume    = {10981},
  pages     = {487--506},
  publisher = {Springer},
  year      = {2018},
  url       = {https://doi.org/10.1007/978-3-319-96145-3\_26},
  doi       = {10.1007/978-3-319-96145-3\_26},
  timestamp = {Wed, 03 Oct 2018 12:55:00 +0200},
  biburl    = {https://dblp.org/rec/bib/conf/cav/EmmiE18},
  bibsource = {dblp computer science bibliography, https://dblp.org}
}
