
@online{MISC:Jepsen,
	title	= {Jepsen: Distributed Systems Safety Research},
	author	= {Kyle Kingsbury},
	url	= {https://jepsen.io},
	year	= {2016}
}

@techreport{MISC:tr/ibm/Michael04,
	author	= {Maged M. Michael},
	title	= {{ABA} Prevention Using Single-Word Instructions},
	institution	= {IBM Thomas J. Watson Research Center},
	number	= {RC 23089},
	month	= {January},
	year	= {2004}
}

@phdthesis{Adya99,
	author	= {Atul Adya},
	title	= {Weak consistency: A generalized theory and optimistic implementations for distributed transactions.},
	institution	= {MIT},
	year	= {1999}
}

@article{MISC:submitted/Lowe06,
	author	= {Gavin Lowe},
	title	= {Testing for Linearizability},
	institution	= {University of Oxford},
	journal	= {Under submission},
	year	= {2006}
}

@misc{Gustavo,
	author	= {Gustavo Petri and Marc Shapiro},
	title	= {Personal communication},
	year	= {2018}
}

@MastersThesis{Kurath,
	author	= {Arthur Kurath},
	title	= {Analyzing Serializability of Cassandra Applications},
	school	= {ETH Zurich},
	address	= {Switzerland},
	year	= {2017},
}

@article{MISC:PSO,
	author	= {SPARC International, Inc},
	title	= {The SPARC Architecture Manual Version 9},
	year	= {1994}
}

@online{SKM_SKS_clear,
	author	= {JDK},
	url	= {https://bugs.openjdk.java.net/browse/JDK-8166507},
	year	= {2016}
}

@online{LBQ_peek,
	author	= {JDK},
	url	= {http://bugs.java.com/bugdatabase/view_bug.do?bug_id=6653412},
	year	= {2008}
}

@online{CLD,
	author	= {JDK},
	url	= {http://bugs.java.com/bugdatabase/view_bug.do?bug_id=8188900},
	year	= {2017}
}
