% generated by bibly: https://github.com/michael-emmi/bibly#readme

@article{DBLP:journals/jacm/Papadimitriou79b,
  author    = {Christos H. Papadimitriou},
  title     = {The serializability of concurrent database updates},
  journal   = {J. {ACM}},
  volume    = {26},
  number    = {4},
  pages     = {631--653},
  year      = {1979},
  url       = {https://doi.org/10.1145/322154.322158},
  doi       = {10.1145/322154.322158},
  timestamp = {Tue, 06 Nov 2018 12:51:44 +0100},
  biburl    = {https://dblp.org/rec/bib/journals/jacm/Papadimitriou79b},
  bibsource = {dblp computer science bibliography, https://dblp.org}
}

@article{DBLP:journals/cacm/Lamport78,
  author    = {Leslie Lamport},
  title     = {Time, Clocks, and the Ordering of Events in a Distributed System},
  journal   = {Commun. {ACM}},
  volume    = {21},
  number    = {7},
  pages     = {558--565},
  year      = {1978},
  url       = {https://doi.org/10.1145/359545.359563},
  doi       = {10.1145/359545.359563},
  timestamp = {Wed, 14 Nov 2018 10:22:32 +0100},
  biburl    = {https://dblp.org/rec/bib/journals/cacm/Lamport78},
  bibsource = {dblp computer science bibliography, https://dblp.org}
}

@inproceedings{DBLP:conf/sigmod/BerensonBGMOO95,
  author    = {Hal Berenson and
               Philip A. Bernstein and
               Jim Gray and
               Jim Melton and
               Elizabeth J. O'Neil and
               Patrick E. O'Neil},
  editor    = {Michael J. Carey and
               Donovan A. Schneider},
  title     = {A Critique of {ANSI} {SQL} Isolation Levels},
  booktitle = {Proceedings of the 1995 {ACM} {SIGMOD} International Conference on
               Management of Data, San Jose, California, USA, May 22-25, 1995.},
  pages     = {1--10},
  publisher = {{ACM} Press},
  year      = {1995},
  url       = {https://doi.org/10.1145/223784.223785},
  doi       = {10.1145/223784.223785},
  timestamp = {Tue, 06 Nov 2018 11:07:40 +0100},
  biburl    = {https://dblp.org/rec/bib/conf/sigmod/BerensonBGMOO95},
  bibsource = {dblp computer science bibliography, https://dblp.org}
}

@article{DBLP:journals/pacmpl/OzkanMNBW18,
  author    = {Burcu Kulahcioglu Ozkan and
               Rupak Majumdar and
               Filip Niksic and
               Mitra Tabaei Befrouei and
               Georg Weissenbacher},
  title     = {Randomized testing of distributed systems with probabilistic guarantees},
  journal   = {{PACMPL}},
  volume    = {2},
  number    = {{OOPSLA}},
  pages     = {160:1--160:28},
  year      = {2018},
  url       = {https://doi.org/10.1145/3276530},
  doi       = {10.1145/3276530},
  timestamp = {Wed, 21 Nov 2018 12:44:28 +0100},
  biburl    = {https://dblp.org/rec/bib/journals/pacmpl/OzkanMNBW18},
  bibsource = {dblp computer science bibliography, https://dblp.org}
}

@inproceedings{DBLP:conf/popl/BouajjaniEGH17,
  author    = {Ahmed Bouajjani and
               Constantin Enea and
               Rachid Guerraoui and
               Jad Hamza},
  editor    = {Giuseppe Castagna and
               Andrew D. Gordon},
  title     = {On verifying causal consistency},
  booktitle = {Proceedings of the 44th {ACM} {SIGPLAN} Symposium on Principles of
               Programming Languages, {POPL} 2017, Paris, France, January 18-20,
               2017},
  pages     = {626--638},
  publisher = {{ACM}},
  year      = {2017},
  url       = {http://dl.acm.org/citation.cfm?id=3009888},
  timestamp = {Tue, 06 Nov 2018 11:07:42 +0100},
  biburl    = {https://dblp.org/rec/bib/conf/popl/BouajjaniEGH17},
  bibsource = {dblp computer science bibliography, https://dblp.org}
}

@inproceedings{DBLP:conf/concur/Cerone0G15,
  author    = {Andrea Cerone and
               Giovanni Bernardi and
               Alexey Gotsman},
  editor    = {Luca Aceto and
               David de Frutos{-}Escrig},
  title     = {A Framework for Transactional Consistency Models with Atomic Visibility},
  booktitle = {26th International Conference on Concurrency Theory, {CONCUR} 2015,
               Madrid, Spain, September 1.4, 2015},
  series    = {LIPIcs},
  volume    = {42},
  pages     = {58--71},
  publisher = {Schloss Dagstuhl - Leibniz-Zentrum fuer Informatik},
  year      = {2015},
  url       = {https://doi.org/10.4230/LIPIcs.CONCUR.2015.58},
  doi       = {10.4230/LIPIcs.CONCUR.2015.58},
  timestamp = {Fri, 30 Nov 2018 13:31:10 +0100},
  biburl    = {https://dblp.org/rec/bib/conf/concur/Cerone0G15},
  bibsource = {dblp computer science bibliography, https://dblp.org}
}

@inproceedings{DBLP:conf/pdis/TerryDPSTW94,
  author    = {Douglas B. Terry and
               Alan J. Demers and
               Karin Petersen and
               Mike Spreitzer and
               Marvin Theimer and
               Brent B. Welch},
  title     = {Session Guarantees for Weakly Consistent Replicated Data},
  booktitle = {Proceedings of the Third International Conference on Parallel and
               Distributed Information Systems {(PDIS} 94), Austin, Texas, USA, September
               28-30, 1994},
  pages     = {140--149},
  publisher = {{IEEE} Computer Society},
  year      = {1994},
  url       = {https://doi.org/10.1109/PDIS.1994.331722},
  doi       = {10.1109/PDIS.1994.331722},
  timestamp = {Thu, 14 Feb 2019 15:07:25 +0100},
  biburl    = {https://dblp.org/rec/bib/conf/pdis/TerryDPSTW94},
  bibsource = {dblp computer science bibliography, https://dblp.org}
}

@inproceedings{DBLP:conf/ecoop/BurckhardtLPF15,
  author    = {Sebastian Burckhardt and
               Daan Leijen and
               Jonathan Protzenko and
               Manuel F{\"{a}}hndrich},
  editor    = {John Tang Boyland},
  title     = {Global Sequence Protocol: {A} Robust Abstraction for Replicated Shared
               State},
  booktitle = {29th European Conference on Object-Oriented Programming, {ECOOP} 2015,
               July 5-10, 2015, Prague, Czech Republic},
  series    = {LIPIcs},
  volume    = {37},
  pages     = {568--590},
  publisher = {Schloss Dagstuhl - Leibniz-Zentrum fuer Informatik},
  year      = {2015},
  url       = {https://doi.org/10.4230/LIPIcs.ECOOP.2015.568},
  doi       = {10.4230/LIPIcs.ECOOP.2015.568},
  timestamp = {Thu, 23 Aug 2018 15:56:08 +0200},
  biburl    = {https://dblp.org/rec/bib/conf/ecoop/BurckhardtLPF15},
  bibsource = {dblp computer science bibliography, https://dblp.org}
}

@inproceedings{DBLP:conf/popl/Wolper86,
  author    = {Pierre Wolper},
  title     = {Expressing Interesting Properties of Programs in Propositional Temporal
               Logic},
  booktitle = {Conference Record of the Thirteenth Annual {ACM} Symposium on Principles
               of Programming Languages, St. Petersburg Beach, Florida, USA, January
               1986},
  pages     = {184--193},
  publisher = {{ACM} Press},
  year      = {1986},
  url       = {https://doi.org/10.1145/512644.512661},
  doi       = {10.1145/512644.512661},
  timestamp = {Tue, 06 Nov 2018 11:07:43 +0100},
  biburl    = {https://dblp.org/rec/bib/conf/popl/Wolper86},
  bibsource = {dblp computer science bibliography, https://dblp.org}
}

@inproceedings{DBLP:conf/popl/BurckhardtGYZ14,
  author    = {Sebastian Burckhardt and
               Alexey Gotsman and
               Hongseok Yang and
               Marek Zawirski},
  editor    = {Suresh Jagannathan and
               Peter Sewell},
  title     = {Replicated data types: specification, verification, optimality},
  booktitle = {The 41st Annual {ACM} {SIGPLAN-SIGACT} Symposium on Principles of
               Programming Languages, {POPL} '14, San Diego, CA, USA, January 20-21,
               2014},
  pages     = {271--284},
  publisher = {{ACM}},
  year      = {2014},
  url       = {https://doi.org/10.1145/2535838.2535848},
  doi       = {10.1145/2535838.2535848},
  timestamp = {Tue, 06 Nov 2018 11:07:43 +0100},
  biburl    = {https://dblp.org/rec/bib/conf/popl/BurckhardtGYZ14},
  bibsource = {dblp computer science bibliography, https://dblp.org}
}

@article{DBLP:journals/pacmpl/ChalupaCPSV18,
  author    = {Marek Chalupa and
               Krishnendu Chatterjee and
               Andreas Pavlogiannis and
               Nishant Sinha and
               Kapil Vaidya},
  title     = {Data-centric dynamic partial order reduction},
  journal   = {{PACMPL}},
  volume    = {2},
  number    = {{POPL}},
  pages     = {31:1--31:30},
  year      = {2018},
  url       = {https://doi.org/10.1145/3158119},
  doi       = {10.1145/3158119},
  timestamp = {Tue, 06 Nov 2018 12:51:05 +0100},
  biburl    = {https://dblp.org/rec/bib/journals/pacmpl/ChalupaCPSV18},
  bibsource = {dblp computer science bibliography, https://dblp.org}
}

@inproceedings{DBLP:conf/sat/EenS03,
  author    = {Niklas E{\'{e}}n and
               Niklas S{\"{o}}rensson},
  editor    = {Enrico Giunchiglia and
               Armando Tacchella},
  title     = {An Extensible SAT-solver},
  booktitle = {Theory and Applications of Satisfiability Testing, 6th International
               Conference, {SAT} 2003. Santa Margherita Ligure, Italy, May 5-8, 2003
               Selected Revised Papers},
  series    = {Lecture Notes in Computer Science},
  volume    = {2919},
  pages     = {502--518},
  publisher = {Springer},
  year      = {2003},
  url       = {https://doi.org/10.1007/978-3-540-24605-3\_37},
  doi       = {10.1007/978-3-540-24605-3\_37},
  timestamp = {Wed, 14 Nov 2018 10:58:46 +0100},
  biburl    = {https://dblp.org/rec/bib/conf/sat/EenS03},
  bibsource = {dblp computer science bibliography, https://dblp.org}
}

@article{DBLP:journals/siamcomp/GibbonsK97,
  author    = {Phillip B. Gibbons and
               Ephraim Korach},
  title     = {Testing Shared Memories},
  journal   = {{SIAM} J. Comput.},
  volume    = {26},
  number    = {4},
  pages     = {1208--1244},
  year      = {1997},
  url       = {https://doi.org/10.1137/S0097539794279614},
  doi       = {10.1137/S0097539794279614},
  timestamp = {Sat, 27 May 2017 14:22:59 +0200},
  biburl    = {https://dblp.org/rec/bib/journals/siamcomp/GibbonsK97},
  bibsource = {dblp computer science bibliography, https://dblp.org}
}

@article{DBLP:journals/pacmpl/EmmiE18,
  author    = {Michael Emmi and
               Constantin Enea},
  title     = {Sound, complete, and tractable linearizability monitoring for concurrent
               collections},
  journal   = {{PACMPL}},
  volume    = {2},
  number    = {{POPL}},
  pages     = {25:1--25:27},
  year      = {2018},
  url       = {https://doi.org/10.1145/3158113},
  doi       = {10.1145/3158113},
  timestamp = {Tue, 06 Nov 2018 12:51:05 +0100},
  biburl    = {https://dblp.org/rec/bib/journals/pacmpl/EmmiE18},
  bibsource = {dblp computer science bibliography, https://dblp.org}
}

@inproceedings{DBLP:conf/popl/FlanaganG05,
  author    = {Cormac Flanagan and
               Patrice Godefroid},
  editor    = {Jens Palsberg and
               Mart{\'{\i}}n Abadi},
  title     = {Dynamic partial-order reduction for model checking software},
  booktitle = {Proceedings of the 32nd {ACM} {SIGPLAN-SIGACT} Symposium on Principles
               of Programming Languages, {POPL} 2005, Long Beach, California, USA,
               January 12-14, 2005},
  pages     = {110--121},
  publisher = {{ACM}},
  year      = {2005},
  url       = {https://doi.org/10.1145/1040305.1040315},
  doi       = {10.1145/1040305.1040315},
  timestamp = {Tue, 06 Nov 2018 11:07:43 +0100},
  biburl    = {https://dblp.org/rec/bib/conf/popl/FlanaganG05},
  bibsource = {dblp computer science bibliography, https://dblp.org}
}

@inproceedings{DBLP:conf/ac/Mazurkiewicz86,
  author    = {Antoni W. Mazurkiewicz},
  editor    = {Wilfried Brauer and
               Wolfgang Reisig and
               Grzegorz Rozenberg},
  title     = {Trace Theory},
  booktitle = {Petri Nets: Central Models and Their Properties, Advances in Petri
               Nets 1986, Part II, Proceedings of an Advanced Course, Bad Honnef,
               Germany, 8-19 September 1986},
  series    = {Lecture Notes in Computer Science},
  volume    = {255},
  pages     = {279--324},
  publisher = {Springer},
  year      = {1986},
  url       = {https://doi.org/10.1007/3-540-17906-2\_30},
  doi       = {10.1007/3-540-17906-2\_30},
  timestamp = {Tue, 19 Jun 2018 18:25:52 +0200},
  biburl    = {https://dblp.org/rec/bib/conf/ac/Mazurkiewicz86},
  bibsource = {dblp computer science bibliography, https://dblp.org}
}
