@article{arxiv,
  author    = {Ranadeep Biswas and Constantin Enea},
  title     = {On the Complexity of Checking Transactional Consistency},
  year      = {2019},
  archivePrefix = {arXiv},
  eprint = {1908.04509},
  volume = { abs/1908.04509 },
  url = {https://arxiv.org/abs/1908.04509}
}


@misc{galera,
      author = "Galera",
      year = " 2019",
      url    = "http://galeracluster.com",
      note = "Retrieved March 28th, 2019"
    }
    
@misc{jepsen,
      author = "Kyle Kingsbury",
      year = "2013-2019",
      url    = "http://jepsen.io",
      note = "Retrieved March 28th, 2019"
    }
    
@misc{cockroach,
      author = "Cockroach",
      year = " 2019",
      url    = "https://github.com/cockroachdb/cockroach",
      note = "Retrieved March 28th, 2019"
    }
 
 @misc{antidote,
     author = "Antidote",
     year = " 2019",
     url    = "https://www.antidotedb.eu",
      note = "Retrieved March 28th, 2019"
 }

  @misc{jepsen-galera,
     author = "Kyle Kingsbury",
     year = "2015",
     url    = "https://github.com/jepsen-io/jepsen/blob/master/galera/src/jepsen/galera/dirty_reads.clj",
      note = "Retrieved March 28th, 2019"
 }

 
  @misc{galera-issue,
     author = "Galera",
     year = "2019 ",
     url    = "https://github.com/codership/galera/issues/336",
      note = "Retrieved March 28th, 2019"
 }
 
 @misc{galera-claim,
     author = "Galera",
     year = " 2019",    
    url = "http://galeracluster.com/documentation-webpages/faq.html",
      note = "Retrieved March 28th, 2019"
 }

 @misc{galera-notclaim, 
     author = "Galera",
     year = " 2019",
  url= "http://galeracluster.com/documentation-webpages/isolationlevels.html#intra-node-vs-inter-node-isolation-in-galera-cluster",
      note = "Retrieved March 28th, 2019"
}
 
 @misc{cockroach-claim,
       author = "Cockroach",
      year = " 2019",
    url = "https://www.cockroachlabs.com/docs/v2.1/transactions.html#isolation-levels",
      note = "Retrieved March 28th, 2019"
 }
 
 @misc{antidote-claim,
      author = "Antidote",
     year = "2019 ",
    url = "https://antidotedb.gitbook.io/documentation/overview/configuration",
      note = "Retrieved March 28th, 2019"
 }
 
 @inproceedings{SC,
  author    = {Parosh Aziz Abdulla and Mohamed Faouzi Atig and Bengt Jonsson and Magnus LÃ¥ng and Tuan Phong Ngo and Konstantinos (Kostis) Sagonas},
  title     = {Optimal Stateless Model Checking for Read-from Equivalence under Sequential Consistency},
  journal   = {{PACMPL}},
  number    = {{OOPSLA}},
  publisher = {{ACM}},
  year      = {2019},
}