@article{gotsmanconcur16,
    author  = "Giovanni Bernardi and Alexey Gotsman",
    title   = "Robustness against {C}onsistency {M}odels with {A}tomic {V}isibility",
    journal = "PODC'16",
    year    = "2016",
    pages   = "7:7"
}

@article{gotsmanpodc16,
    author  = "Giovanni Bernardi and Alexey Gotsman",
    title   = "Analysing {S}napshot {I}solation",
    journal = "CONCUR'16",
    year    = "2016",
    pages   = "5"
}
