% generated by bibly: https://github.com/michael-emmi/bibly#readme

@article{DBLP:journals/cacm/Lamport78,
  author    = {Leslie Lamport},
  title     = {Time, Clocks, and the Ordering of Events in a Distributed System},
  journal   = {Commun. {ACM}},
  volume    = {21},
  number    = {7},
  pages     = {558--565},
  year      = {1978},
  url       = {https://doi.org/10.1145/359545.359563},
  doi       = {10.1145/359545.359563},
  timestamp = {Wed, 14 Nov 2018 10:22:32 +0100},
  biburl    = {https://dblp.org/rec/journals/cacm/Lamport78.bib},
  bibsource = {dblp computer science bibliography, https://dblp.org}
}


@inproceedings{DBLP:conf/sosp/LloydFKA11,
  author    = {Wyatt Lloyd and
               Michael J. Freedman and
               Michael Kaminsky and
               David G. Andersen},
  editor    = {Ted Wobber and
               Peter Druschel},
  title     = {Don't settle for eventual: scalable causal consistency for wide-area
               storage with {COPS}},
  booktitle = {Proceedings of the 23rd {ACM} Symposium on Operating Systems Principles
               2011, {SOSP} 2011, Cascais, Portugal, October 23-26, 2011},
  pages     = {401--416},
  publisher = {{ACM}},
  year      = {2011},
  url       = {https://doi.org/10.1145/2043556.2043593},
  doi       = {10.1145/2043556.2043593},
  timestamp = {Tue, 06 Nov 2018 16:59:32 +0100},
  biburl    = {https://dblp.org/rec/conf/sosp/LloydFKA11.bib},
  bibsource = {dblp computer science bibliography, https://dblp.org}
}


@inproceedings{DBLP:conf/sigmod/BerensonBGMOO95,
  author    = {Hal Berenson and
               Philip A. Bernstein and
               Jim Gray and
               Jim Melton and
               Elizabeth J. O'Neil and
               Patrick E. O'Neil},
  editor    = {Michael J. Carey and
               Donovan A. Schneider},
  title     = {A Critique of {ANSI} {SQL} Isolation Levels},
  booktitle = {Proceedings of the 1995 {ACM} {SIGMOD} International Conference on
               Management of Data, San Jose, California, USA, May 22-25, 1995},
  pages     = {1--10},
  publisher = {{ACM} Press},
  year      = {1995},
  url       = {https://doi.org/10.1145/223784.223785},
  doi       = {10.1145/223784.223785},
  timestamp = {Tue, 06 Nov 2018 11:07:40 +0100},
  biburl    = {https://dblp.org/rec/conf/sigmod/BerensonBGMOO95.bib},
  bibsource = {dblp computer science bibliography, https://dblp.org}
}


@inproceedings{DBLP:conf/popl/BrutschyD0V17,
  author    = {Lucas Brutschy and
               Dimitar I. Dimitrov and
               Peter M{\"{u}}ller and
               Martin T. Vechev},
  editor    = {Giuseppe Castagna and
               Andrew D. Gordon},
  title     = {Serializability for eventual consistency: criterion, analysis, and
               applications},
  booktitle = {Proceedings of the 44th {ACM} {SIGPLAN} Symposium on Principles of
               Programming Languages, {POPL} 2017, Paris, France, January 18-20,
               2017},
  pages     = {458--472},
  publisher = {{ACM}},
  year      = {2017},
  url       = {http://dl.acm.org/citation.cfm?id=3009895},
  timestamp = {Wed, 29 Jul 2020 12:44:09 +0200},
  biburl    = {https://dblp.org/rec/conf/popl/BrutschyD0V17.bib},
  bibsource = {dblp computer science bibliography, https://dblp.org}
}


@article{DBLP:journals/pacmpl/BiswasE19,
  author    = {Ranadeep Biswas and
               Constantin Enea},
  title     = {On the complexity of checking transactional consistency},
  journal   = {Proc. {ACM} Program. Lang.},
  volume    = {3},
  number    = {{OOPSLA}},
  pages     = {165:1--165:28},
  year      = {2019},
  url       = {https://doi.org/10.1145/3360591},
  doi       = {10.1145/3360591},
  timestamp = {Thu, 16 Apr 2020 13:51:45 +0200},
  biburl    = {https://dblp.org/rec/journals/pacmpl/BiswasE19.bib},
  bibsource = {dblp computer science bibliography, https://dblp.org}
}


@article{DBLP:journals/jacm/Papadimitriou79b,
  author    = {Christos H. Papadimitriou},
  title     = {The serializability of concurrent database updates},
  journal   = {J. {ACM}},
  volume    = {26},
  number    = {4},
  pages     = {631--653},
  year      = {1979},
  url       = {https://doi.org/10.1145/322154.322158},
  doi       = {10.1145/322154.322158},
  timestamp = {Tue, 06 Nov 2018 12:51:44 +0100},
  biburl    = {https://dblp.org/rec/journals/jacm/Papadimitriou79b.bib},
  bibsource = {dblp computer science bibliography, https://dblp.org}
}


@inproceedings{DBLP:conf/esop/NairP020,
  author    = {Sreeja S. Nair and
               Gustavo Petri and
               Marc Shapiro},
  editor    = {Peter M{\"{u}}ller},
  title     = {Proving the Safety of Highly-Available Distributed Objects},
  booktitle = {Programming Languages and Systems - 29th European Symposium on Programming,
               {ESOP} 2020, Held as Part of the European Joint Conferences on Theory
               and Practice of Software, {ETAPS} 2020, Dublin, Ireland, April 25-30,
               2020, Proceedings},
  series    = {Lecture Notes in Computer Science},
  volume    = {12075},
  pages     = {544--571},
  publisher = {Springer},
  year      = {2020},
  url       = {https://doi.org/10.1007/978-3-030-44914-8\_20},
  doi       = {10.1007/978-3-030-44914-8\_20},
  timestamp = {Mon, 04 May 2020 13:23:23 +0200},
  biburl    = {https://dblp.org/rec/conf/esop/NairP020.bib},
  bibsource = {dblp computer science bibliography, https://dblp.org}
}


@inproceedings{DBLP:conf/pldi/MusuvathiQ08,
  author    = {Madanlal Musuvathi and
               Shaz Qadeer},
  editor    = {Rajiv Gupta and
               Saman P. Amarasinghe},
  title     = {Fair stateless model checking},
  booktitle = {Proceedings of the {ACM} {SIGPLAN} 2008 Conference on Programming
               Language Design and Implementation, Tucson, AZ, USA, June 7-13, 2008},
  pages     = {362--371},
  publisher = {{ACM}},
  year      = {2008},
  url       = {https://doi.org/10.1145/1375581.1375625},
  doi       = {10.1145/1375581.1375625},
  timestamp = {Tue, 06 Nov 2018 16:59:30 +0100},
  biburl    = {https://dblp.org/rec/conf/pldi/MusuvathiQ08.bib},
  bibsource = {dblp computer science bibliography, https://dblp.org}
}


@inproceedings{DBLP:conf/icde/AdyaLO00,
  author    = {Atul Adya and
               Barbara Liskov and
               Patrick E. O'Neil},
  editor    = {David B. Lomet and
               Gerhard Weikum},
  title     = {Generalized Isolation Level Definitions},
  booktitle = {Proceedings of the 16th International Conference on Data Engineering,
               San Diego, California, USA, February 28 - March 3, 2000},
  pages     = {67--78},
  publisher = {{IEEE} Computer Society},
  year      = {2000},
  url       = {https://doi.org/10.1109/ICDE.2000.839388},
  doi       = {10.1109/ICDE.2000.839388},
  timestamp = {Wed, 16 Oct 2019 14:14:56 +0200},
  biburl    = {https://dblp.org/rec/conf/icde/AdyaLO00.bib},
  bibsource = {dblp computer science bibliography, https://dblp.org}
}


@inproceedings{DBLP:conf/concur/Cerone0G15,
  author    = {Andrea Cerone and
               Giovanni Bernardi and
               Alexey Gotsman},
  editor    = {Luca Aceto and
               David de Frutos{-}Escrig},
  title     = {A Framework for Transactional Consistency Models with Atomic Visibility},
  booktitle = {26th International Conference on Concurrency Theory, {CONCUR} 2015,
               Madrid, Spain, September 1.4, 2015},
  series    = {LIPIcs},
  volume    = {42},
  pages     = {58--71},
  publisher = {Schloss Dagstuhl - Leibniz-Zentrum f{\"{u}}r Informatik},
  year      = {2015},
  url       = {https://doi.org/10.4230/LIPIcs.CONCUR.2015.58},
  doi       = {10.4230/LIPIcs.CONCUR.2015.58},
  timestamp = {Tue, 11 Feb 2020 15:52:14 +0100},
  biburl    = {https://dblp.org/rec/conf/concur/Cerone0G15.bib},
  bibsource = {dblp computer science bibliography, https://dblp.org}
}


@article{DBLP:journals/jacm/CeroneG18,
  author    = {Andrea Cerone and
               Alexey Gotsman},
  title     = {Analysing Snapshot Isolation},
  journal   = {J. {ACM}},
  volume    = {65},
  number    = {2},
  pages     = {11:1--11:41},
  year      = {2018},
  url       = {https://doi.org/10.1145/3152396},
  doi       = {10.1145/3152396},
  timestamp = {Tue, 06 Nov 2018 12:51:45 +0100},
  biburl    = {https://dblp.org/rec/journals/jacm/CeroneG18.bib},
  bibsource = {dblp computer science bibliography, https://dblp.org}
}


@inproceedings{DBLP:conf/concur/0002G16,
  author    = {Giovanni Bernardi and
               Alexey Gotsman},
  editor    = {Jos{\'{e}}e Desharnais and
               Radha Jagadeesan},
  title     = {Robustness against Consistency Models with Atomic Visibility},
  booktitle = {27th International Conference on Concurrency Theory, {CONCUR} 2016,
               August 23-26, 2016, Qu{\'{e}}bec City, Canada},
  series    = {LIPIcs},
  volume    = {59},
  pages     = {7:1--7:15},
  publisher = {Schloss Dagstuhl - Leibniz-Zentrum f{\"{u}}r Informatik},
  year      = {2016},
  url       = {https://doi.org/10.4230/LIPIcs.CONCUR.2016.7},
  doi       = {10.4230/LIPIcs.CONCUR.2016.7},
  timestamp = {Tue, 11 Feb 2020 15:52:14 +0100},
  biburl    = {https://dblp.org/rec/conf/concur/0002G16.bib},
  bibsource = {dblp computer science bibliography, https://dblp.org}
}


@article{DBLP:journals/tods/FeketeLOOS05,
  author    = {Alan D. Fekete and
               Dimitrios Liarokapis and
               Elizabeth J. O'Neil and
               Patrick E. O'Neil and
               Dennis E. Shasha},
  title     = {Making snapshot isolation serializable},
  journal   = {{ACM} Trans. Database Syst.},
  volume    = {30},
  number    = {2},
  pages     = {492--528},
  year      = {2005},
  url       = {https://doi.org/10.1145/1071610.1071615},
  doi       = {10.1145/1071610.1071615},
  timestamp = {Thu, 27 Aug 2020 11:23:09 +0200},
  biburl    = {https://dblp.org/rec/journals/tods/FeketeLOOS05.bib},
  bibsource = {dblp computer science bibliography, https://dblp.org}
}


@inproceedings{DBLP:conf/vldb/JorwekarFRS07,
  author    = {Sudhir Jorwekar and
               Alan D. Fekete and
               Krithi Ramamritham and
               S. Sudarshan},
  editor    = {Christoph Koch and
               Johannes Gehrke and
               Minos N. Garofalakis and
               Divesh Srivastava and
               Karl Aberer and
               Anand Deshpande and
               Daniela Florescu and
               Chee Yong Chan and
               Venkatesh Ganti and
               Carl{-}Christian Kanne and
               Wolfgang Klas and
               Erich J. Neuhold},
  title     = {Automating the Detection of Snapshot Isolation Anomalies},
  booktitle = {Proceedings of the 33rd International Conference on Very Large Data
               Bases, University of Vienna, Austria, September 23-27, 2007},
  pages     = {1263--1274},
  publisher = {{ACM}},
  year      = {2007},
  url       = {http://www.vldb.org/conf/2007/papers/industrial/p1263-jorwekar.pdf},
  timestamp = {Thu, 27 Aug 2020 11:23:10 +0200},
  biburl    = {https://dblp.org/rec/conf/vldb/JorwekarFRS07.bib},
  bibsource = {dblp computer science bibliography, https://dblp.org}
}


@inproceedings{DBLP:conf/pldi/BrutschyD0V18,
  author    = {Lucas Brutschy and
               Dimitar I. Dimitrov and
               Peter M{\"{u}}ller and
               Martin T. Vechev},
  editor    = {Jeffrey S. Foster and
               Dan Grossman},
  title     = {Static serializability analysis for causal consistency},
  booktitle = {Proceedings of the 39th {ACM} {SIGPLAN} Conference on Programming
               Language Design and Implementation, {PLDI} 2018, Philadelphia, PA,
               USA, June 18-22, 2018},
  pages     = {90--104},
  publisher = {{ACM}},
  year      = {2018},
  url       = {https://doi.org/10.1145/3192366.3192415},
  doi       = {10.1145/3192366.3192415},
  timestamp = {Wed, 29 Jul 2020 12:44:06 +0200},
  biburl    = {https://dblp.org/rec/conf/pldi/BrutschyD0V18.bib},
  bibsource = {dblp computer science bibliography, https://dblp.org}
}


@article{DBLP:journals/pacmpl/KakiESJ18,
  author    = {Gowtham Kaki and
               Kapil Earanky and
               K. C. Sivaramakrishnan and
               Suresh Jagannathan},
  title     = {Safe replication through bounded concurrency verification},
  journal   = {Proc. {ACM} Program. Lang.},
  volume    = {2},
  number    = {{OOPSLA}},
  pages     = {164:1--164:27},
  year      = {2018},
  url       = {https://doi.org/10.1145/3276534},
  doi       = {10.1145/3276534},
  timestamp = {Thu, 16 Apr 2020 13:51:50 +0200},
  biburl    = {https://dblp.org/rec/journals/pacmpl/KakiESJ18.bib},
  bibsource = {dblp computer science bibliography, https://dblp.org}
}


@inproceedings{DBLP:conf/concur/NagarJ18,
  author    = {Kartik Nagar and
               Suresh Jagannathan},
  editor    = {Sven Schewe and
               Lijun Zhang},
  title     = {Automated Detection of Serializability Violations Under Weak Consistency},
  booktitle = {29th International Conference on Concurrency Theory, {CONCUR} 2018,
               September 4-7, 2018, Beijing, China},
  series    = {LIPIcs},
  volume    = {118},
  pages     = {41:1--41:18},
  publisher = {Schloss Dagstuhl - Leibniz-Zentrum f{\"{u}}r Informatik},
  year      = {2018},
  url       = {https://doi.org/10.4230/LIPIcs.CONCUR.2018.41},
  doi       = {10.4230/LIPIcs.CONCUR.2018.41},
  timestamp = {Tue, 11 Feb 2020 15:52:14 +0100},
  biburl    = {https://dblp.org/rec/conf/concur/NagarJ18.bib},
  bibsource = {dblp computer science bibliography, https://dblp.org}
}


@inproceedings{DBLP:conf/concur/BeillahiBE19,
  author    = {Sidi Mohamed Beillahi and
               Ahmed Bouajjani and
               Constantin Enea},
  editor    = {Wan J. Fokkink and
               Rob van Glabbeek},
  title     = {Robustness Against Transactional Causal Consistency},
  booktitle = {30th International Conference on Concurrency Theory, {CONCUR} 2019,
               August 27-30, 2019, Amsterdam, the Netherlands},
  series    = {LIPIcs},
  volume    = {140},
  pages     = {30:1--30:18},
  publisher = {Schloss Dagstuhl - Leibniz-Zentrum f{\"{u}}r Informatik},
  year      = {2019},
  url       = {https://doi.org/10.4230/LIPIcs.CONCUR.2019.30},
  doi       = {10.4230/LIPIcs.CONCUR.2019.30},
  timestamp = {Mon, 18 May 2020 10:45:19 +0200},
  biburl    = {https://dblp.org/rec/conf/concur/BeillahiBE19.bib},
  bibsource = {dblp computer science bibliography, https://dblp.org}
}


@inproceedings{DBLP:conf/cav/BeillahiBE19,
  author    = {Sidi Mohamed Beillahi and
               Ahmed Bouajjani and
               Constantin Enea},
  editor    = {Isil Dillig and
               Serdar Tasiran},
  title     = {Checking Robustness Against Snapshot Isolation},
  booktitle = {Computer Aided Verification - 31st International Conference, {CAV}
               2019, New York City, NY, USA, July 15-18, 2019, Proceedings, Part
               {II}},
  series    = {Lecture Notes in Computer Science},
  volume    = {11562},
  pages     = {286--304},
  publisher = {Springer},
  year      = {2019},
  url       = {https://doi.org/10.1007/978-3-030-25543-5\_17},
  doi       = {10.1007/978-3-030-25543-5\_17},
  timestamp = {Fri, 31 Jan 2020 21:32:18 +0100},
  biburl    = {https://dblp.org/rec/conf/cav/BeillahiBE19.bib},
  bibsource = {dblp computer science bibliography, https://dblp.org}
}


@inproceedings{DBLP:conf/eurosys/BalegasDFRPNS15,
  author    = {Valter Balegas and
               S{\'{e}}rgio Duarte and
               Carla Ferreira and
               Rodrigo Rodrigues and
               Nuno M. Pregui{\c{c}}a and
               Mahsa Najafzadeh and
               Marc Shapiro},
  editor    = {Laurent R{\'{e}}veill{\`{e}}re and
               Tim Harris and
               Maurice Herlihy},
  title     = {Putting consistency back into eventual consistency},
  booktitle = {Proceedings of the Tenth European Conference on Computer Systems,
               EuroSys 2015, Bordeaux, France, April 21-24, 2015},
  pages     = {6:1--6:16},
  publisher = {{ACM}},
  year      = {2015},
  url       = {https://doi.org/10.1145/2741948.2741972},
  doi       = {10.1145/2741948.2741972},
  timestamp = {Thu, 12 Nov 2020 16:34:18 +0100},
  biburl    = {https://dblp.org/rec/conf/eurosys/BalegasDFRPNS15.bib},
  bibsource = {dblp computer science bibliography, https://dblp.org}
}


@inproceedings{DBLP:conf/popl/GotsmanYFNS16,
  author    = {Alexey Gotsman and
               Hongseok Yang and
               Carla Ferreira and
               Mahsa Najafzadeh and
               Marc Shapiro},
  editor    = {Rastislav Bod{\'{\i}}k and
               Rupak Majumdar},
  title     = {'Cause I'm strong enough: reasoning about consistency choices in distributed
               systems},
  booktitle = {Proceedings of the 43rd Annual {ACM} {SIGPLAN-SIGACT} Symposium on
               Principles of Programming Languages, {POPL} 2016, St. Petersburg,
               FL, USA, January 20 - 22, 2016},
  pages     = {371--384},
  publisher = {{ACM}},
  year      = {2016},
  url       = {https://doi.org/10.1145/2837614.2837625},
  doi       = {10.1145/2837614.2837625},
  timestamp = {Tue, 06 Nov 2018 11:07:43 +0100},
  biburl    = {https://dblp.org/rec/conf/popl/GotsmanYFNS16.bib},
  bibsource = {dblp computer science bibliography, https://dblp.org}
}


@inproceedings{DBLP:conf/usenix/0001LCPRV14,
  author    = {Cheng Li and
               Jo{\~{a}}o Leit{\~{a}}o and
               Allen Clement and
               Nuno M. Pregui{\c{c}}a and
               Rodrigo Rodrigues and
               Viktor Vafeiadis},
  editor    = {Garth Gibson and
               Nickolai Zeldovich},
  title     = {Automating the Choice of Consistency Levels in Replicated Systems},
  booktitle = {2014 {USENIX} Annual Technical Conference, {USENIX} {ATC} '14, Philadelphia,
               PA, USA, June 19-20, 2014},
  pages     = {281--292},
  publisher = {{USENIX} Association},
  year      = {2014},
  url       = {https://www.usenix.org/conference/atc14/technical-sessions/presentation/li\_cheng\_2},
  timestamp = {Thu, 12 Nov 2020 16:34:18 +0100},
  biburl    = {https://dblp.org/rec/conf/usenix/0001LCPRV14.bib},
  bibsource = {dblp computer science bibliography, https://dblp.org}
}


@article{DBLP:journals/pacmpl/Kokologiannakis18,
  author    = {Michalis Kokologiannakis and
               Ori Lahav and
               Konstantinos Sagonas and
               Viktor Vafeiadis},
  title     = {Effective stateless model checking for {C/C++} concurrency},
  journal   = {Proc. {ACM} Program. Lang.},
  volume    = {2},
  number    = {{POPL}},
  pages     = {17:1--17:32},
  year      = {2018},
  url       = {https://doi.org/10.1145/3158105},
  doi       = {10.1145/3158105},
  timestamp = {Thu, 16 Apr 2020 13:51:42 +0200},
  biburl    = {https://dblp.org/rec/journals/pacmpl/Kokologiannakis18.bib},
  bibsource = {dblp computer science bibliography, https://dblp.org}
}


@inproceedings{DBLP:conf/tacas/AbdullaAAJLS15,
  author    = {Parosh Aziz Abdulla and
               Stavros Aronis and
               Mohamed Faouzi Atig and
               Bengt Jonsson and
               Carl Leonardsson and
               Konstantinos Sagonas},
  editor    = {Christel Baier and
               Cesare Tinelli},
  title     = {Stateless Model Checking for {TSO} and {PSO}},
  booktitle = {Tools and Algorithms for the Construction and Analysis of Systems
               - 21st International Conference, {TACAS} 2015, Held as Part of the
               European Joint Conferences on Theory and Practice of Software, {ETAPS}
               2015, London, UK, April 11-18, 2015. Proceedings},
  series    = {Lecture Notes in Computer Science},
  volume    = {9035},
  pages     = {353--367},
  publisher = {Springer},
  year      = {2015},
  url       = {https://doi.org/10.1007/978-3-662-46681-0\_28},
  doi       = {10.1007/978-3-662-46681-0\_28},
  timestamp = {Wed, 25 Sep 2019 18:13:20 +0200},
  biburl    = {https://dblp.org/rec/conf/tacas/AbdullaAAJLS15.bib},
  bibsource = {dblp computer science bibliography, https://dblp.org}
}

