@article{clotho,
	author = {Rahmani, Kia and Nagar, Kartik and Delaware, Benjamin and Jagannathan, Suresh},
	title = {CLOTHO: Directed Test Generation for Weakly Consistent Database Systems},
	year = {2019},
	issue_date = {October 2019},
	publisher = {Association for Computing Machinery},
	address = {New York, NY, USA},
	volume = {3},
	number = {OOPSLA},
	url = {https://doi.org/10.1145/3360543},
	doi = {10.1145/3360543},
	journal = {Proc. ACM Program. Lang.},
	month = oct,
	articleno = {117},
	numpages = {28},
	keywords = {Serializability, Static Analysis, Weak Consistency}
}

@techreport{antidote-white-paper,
	author = {Deepthi Devaki Akkoorath and Annette Bieniusa},
	title = {Antidote: the highly-available geo-replicated database with strongest guarantees},
	year = {2016},
	url={https://pages.lip6.fr/syncfree/attachments/article/59/antidote-white-paper.pdf}
}


@inproceedings{acidrain,
	author = {Warszawski, Todd and Bailis, Peter},
	title = {ACIDRain: Concurrency-Related Attacks on Database-Backed Web Applications},
	year = {2017},
	isbn = {9781450341974},
	publisher = {Association for Computing Machinery},
	address = {New York, NY, USA},
	url = {https://doi.org/10.1145/3035918.3064037},
	doi = {10.1145/3035918.3064037},
	booktitle = {Proceedings of the 2017 ACM International Conference on Management of Data},
	pages = {520},
	numpages = {16},
	location = {Chicago, Illinois, USA},
	series = {SIGMOD '17}
}

@inproceedings{burcu-netys,
	  title={Verifying Weakly Consistent Transactional Programs using Symbolic Execution},
	  author={B. Ozkan},
	  booktitle="In Proc. 8th Int. Conference on Networked Systems (NETYS)",
	  year={2020}
}

@inproceedings{facebook-consistency,
	author = {Lu, Haonan and Veeraraghavan, Kaushik and Ajoux, Philippe and Hunt, Jim and Song, Yee Jiun and Tobagus, Wendy and Kumar, Sanjeev and Lloyd, Wyatt},
	title = {Existential Consistency: Measuring and Understanding Consistency at Facebook},
	year = {2015},
	isbn = {9781450338349},
	publisher = {Association for Computing Machinery},
	address = {New York, NY, USA},
	url = {https://doi.org/10.1145/2815400.2815426},
	doi = {10.1145/2815400.2815426},
	booktitle = {Proceedings of the 25th Symposium on Operating Systems Principles},
	pages = {295310},
	numpages = {16},
	location = {Monterey, California},
	series = {SOSP '15}
}

@article{berenson,
	author = {Berenson, Hal and Bernstein, Phil and Gray, Jim and Melton, Jim and O'Neil, Elizabeth and O'Neil, Patrick},
	title = {A Critique of ANSI SQL Isolation Levels},
	year = {1995},
	issue_date = {May 1995},
	publisher = {Association for Computing Machinery},
	address = {New York, NY, USA},
	volume = {24},
	number = {2},
	issn = {0163-5808},
	url = {https://doi.org/10.1145/568271.223785},
	doi = {10.1145/568271.223785},
	journal = {SIGMOD Rec.},
	month = may,
	pages = {110},
	numpages = {10}
}

@inproceedings{survey,
	author = {Pavlo, Andrew},
	title = {What Are We Doing With Our Lives? Nobody Cares About Our Concurrency Control Research},
	year = {2017},
	isbn = {9781450341974},
	publisher = {Association for Computing Machinery},
	address = {New York, NY, USA},
	url = {https://doi.org/10.1145/3035918.3056096},
	doi = {10.1145/3035918.3056096},
	booktitle = {Proceedings of the 2017 ACM International Conference on Management of Data},
	pages = {3},
	numpages = {1},
	keywords = {concurrency control, oltp databases},
	location = {Chicago, Illinois, USA},
	series = {SIGMOD '17}
}

@book{cosmosdb,
	author = {Paz, Jos Rolando Guay},
	title = {Microsoft Azure Cosmos DB Revealed: A Multi-Modal Database Designed for the Cloud},
	year = {2018},
	isbn = {1484233506},
	publisher = {Apress},
	address = {USA},
	edition = {1st},
}

@inproceedings {facebook-tao,
author = {Nathan Bronson and Zach Amsden and George Cabrera and Prasad Chakka and Peter Dimov and Hui Ding and Jack Ferris and Anthony Giardullo and Sachin Kulkarni and Harry Li and Mark Marchukov and Dmitri Petrov and Lovro Puzar and Yee Jiun Song and Venkat Venkataramani},
title = {{TAO}: Facebook's Distributed Data Store for the Social Graph},
booktitle = {2013 {USENIX} Annual Technical Conference ({USENIX} {ATC} 13)},
year = {2013},
pages = {49--60},
publisher = {{USENIX} Association}
}

@ARTICLE{microservice,
         author={C. {Pautasso} and O. {Zimmermann} and M. {Amundsen} and J. {Lewis} and N. {Josuttis}},
   journal={IEEE Software}, 
  title={Microservices in Practice, Part 1: Reality Check and Service Design}, 
  year={2017},
  volume={34},
  number={1},
  pages={91-98},
  doi={10.1109/MS.2017.24}}  

@manual{eshop,
       title  = "Microservices Application",
       note   = "\url{https://github.com/dotnet-architecture/eShopOnContainers}",
       year   = "2020",
}

@manual{tpcc-spec,
       title  = "TPC-C Specification",
       note   = "\url{http://tpc.org/tpc_documents_current_versions/pdf/tpc-c_v5.11.0.pdf}",
       year   = "2020",
}

@manual{tpcc-bench,
       title  = "TPC-C Benchmark",
       note   = "\url{http://www.tpc.org/tpcc/}",
       year   = "2020",
}

@manual{mariadb,
       title  = "MariaDB",
       note   = "\url{https://mariadb.org/}",
       year   = "2020",
}

@article{isodiff,
	author = {Gan, Yifan and Ren, Xueyuan and Ripberger, Drew and Blanas, Spyros and Wang, Yang},
	title = {IsoDiff: Debugging Anomalies Caused by Weak Isolation},
	year = {2020},
	issue_date = {August 2020},
	publisher = {VLDB Endowment},
	volume = {13},
	number = {12},
	issn = {2150-8097},
	url = {https://doi.org/10.14778/3407790.3407860},
	doi = {10.14778/3407790.3407860},
	journal = {Proc. VLDB Endow.},
	month = jul,
	pages = {27732786},
	numpages = {14}
}

@article{maryam,
	author = {Dabaghchian, Maryam and Rakamaric, Zvonimir and Ozkan, Burcu K. and Mutlu, Erdal and Tasiran, Serdar},
	title = {Consistency-Aware Scheduling for Weakly Consistent Programs},
	year = {2018},
	issue_date = {October 2017},
	publisher = {Association for Computing Machinery},
	address = {New York, NY, USA},
	volume = {42},
	number = {4},
	issn = {0163-5948},
	url = {https://doi.org/10.1145/3149485.3149493},
	doi = {10.1145/3149485.3149493},
	journal = {SIGSOFT Softw. Eng. Notes},
	month = jan,
	pages = {15},
	numpages = {5}
}

@article{ranadeep-oopsla,
	author = {Biswas, Ranadeep and Enea, Constantin},
	title = {On the Complexity of Checking Transactional Consistency},
	year = {2019},
	issue_date = {October 2019},
	publisher = {Association for Computing Machinery},
	address = {New York, NY, USA},
	volume = {3},
	number = {OOPSLA},
	url = {https://doi.org/10.1145/3360591},
	doi = {10.1145/3360591},
	journal = {Proc. ACM Program. Lang.},
	month = oct,
	articleno = {165},
	numpages = {28},
	keywords = {testing, consistency, axiomatic specifications, transactional databases}
}

@inproceedings{lucas-popl,
	author = {Brutschy, Lucas and Dimitrov, Dimitar and M\"{u}ller, Peter and Vechev, Martin},
	title = {Serializability for Eventual Consistency: Criterion, Analysis, and Applications},
	year = {2017},
	isbn = {9781450346603},
	publisher = {Association for Computing Machinery},
	address = {New York, NY, USA},
	url = {https://doi.org/10.1145/3009837.3009895},
	doi = {10.1145/3009837.3009895},
	booktitle = {Proceedings of the 44th ACM SIGPLAN Symposium on Principles of Programming Languages},
	pages = {458472},
	numpages = {15},
	keywords = {serializability, Replication, eventual consistency},
	location = {Paris, France},
	series = {POPL 2017}
}

@techreport{ansi,
	author = {ANSI X3},
	title = {135-1992. American National Standard for Information Systems-Database Language-SQL},
	year = {1992},
}

@techreport{adya-thesis,
	author = {Adya, A.},
	title = {Weak Consistency: A Generalized Theory and Optimistic Implementations for Distributed Transactions},
	year = {1999},
	publisher = {Massachusetts Institute of Technology},
	address = {USA}
}

@manual{cosmosdb-consistency,
       title  = "Consistency Levels in Azure Cosmos DB",
       note   = "\url{https://docs.microsoft.com/en-us/azure/cosmos-db/consistency-levels}",
       year   = "2020",
}

@manual{cosmosdb-local,
       title  = "Azure Cosmos DB Local Emulator",
       note   = "\url{https://docs.microsoft.com/en-us/azure/cosmos-db/local-emulator}",
       year   = "2020",
}

@manual{jepsen-decap,
       title  = "Jepsen",
       note   = "\url{https://jepsen.io/}",
       year   = "2020",
}

@article{cap-theorem,
	author = {Gilbert, Seth and Lynch, Nancy},
	title = {Brewer's Conjecture and the Feasibility of Consistent, Available, Partition-Tolerant Web Services},
	year = {2002},
	issue_date = {June 2002},
	publisher = {Association for Computing Machinery},
	address = {New York, NY, USA},
	volume = {33},
	number = {2},
	issn = {0163-5700},
	url = {https://doi.org/10.1145/564585.564601},
	doi = {10.1145/564585.564601},
	abstract = {When designing distributed web services, there are three properties that are commonly desired: consistency, availability, and partition tolerance. It is impossible to achieve all three. In this note, we prove this conjecture in the asynchronous network model, and then discuss solutions to this dilemma in the partially synchronous model.},
	journal = {SIGACT News},
	month = jun,
	pages = {5159},
	numpages = {9}
}

@article{constantin-causal,
	author = {Bouajjani, Ahmed and Enea, Constantin and Guerraoui, Rachid and Hamza, Jad},
	title = {On Verifying Causal Consistency},
	year = {2017},
	issue_date = {January 2017},
	publisher = {Association for Computing Machinery},
	address = {New York, NY, USA},
	volume = {52},
	number = {1},
	issn = {0362-1340},
	url = {https://doi.org/10.1145/3093333.3009888},
	doi = {10.1145/3093333.3009888},
	journal = {SIGPLAN Not.},
	month = jan,
	pages = {626638},
	numpages = {13},
	keywords = {model checking, distributed systems, causal consistency, static program analysis}
}


@article{difallah2013oltp,
	title={Oltp-bench: An extensible testbed for benchmarking relational databases},
	author={Difallah, Djellel Eddine and Pavlo, Andrew and Curino, Carlo and Cudre-Mauroux, Philippe},
	journal={Proceedings of the VLDB Endowment},
	volume={7},
	number={4},
	pages={277--288},
	year={2013},
	publisher={VLDB Endowment}
}

@inproceedings{nair2020proving,
	title={Proving the safety of highly-available distributed objects},
	author={Nair, Sreeja S and Petri, Gustavo and Shapiro, Marc},
	booktitle={European Symposium on Programming},
	pages={544--571},
	year={2020},
	organization={Springer, Cham}
}

@inproceedings{deligiannis2016uncovering,
	title={Uncovering bugs in distributed storage systems during testing (not in production!)},
	author={Deligiannis, Pantazis and McCutchen, Matt and Thomson, Paul and Chen, Shuo and Donaldson, Alastair F and Erickson, John and Huang, Cheng and Lal, Akash and Mudduluru, Rashmi and Qadeer, Shaz and others},
	booktitle={14th $USENIX$ Conference on File and Storage Technologies ($FAST$ 16)},
	pages={249--262},
	year={2016}
}

@article{sivaramakrishnan2015declarative,
	title={Declarative programming over eventually consistent data stores},
	author={Sivaramakrishnan, Krishnamoorthy C and Kaki, Gowtham and Jagannathan, Suresh},
	journal={ACM SIGPLAN Notices},
	volume={50},
	number={6},
	pages={413--424},
	year={2015},
	publisher={ACM New York, NY, USA}
}

@article{decandia2007dynamo,
	title={Dynamo: amazon's highly available key-value store},
	author={DeCandia, Giuseppe and Hastorun, Deniz and Jampani, Madan and Kakulapati, Gunavardhan and Lakshman, Avinash and Pilchin, Alex and Sivasubramanian, Swaminathan and Vosshall, Peter and Vogels, Werner},
	journal={ACM SIGOPS operating systems review},
	volume={41},
	number={6},
	pages={205--220},
	year={2007},
	publisher={ACM New York, NY, USA}
}

@article{perrin2018extending,
	title={Extending the Causal Consistency Condition to any Object Defined by a Sequential Specification},
	author={Perrin, Matthieu and Mostefaoui, Achour and Raynal, Michel},
	year={2018}
}

@misc{coyote-web,
  author = {{Microsoft Coyote}},
  title = {{Fearless coding for reliable asynchronous software}},
  howpublished = "\url{https://github.com/microsoft/coyote}",
  year = {2019}
}

@misc{jdbc,
  author = {{Java Platform}},
  title = {{JDBC: Java Database Connectivity API}},
  howpublished = "\url{https://en.wikipedia.org/wiki/Java_Database_Connectivity}"
}


@manual{twissandra,
	title={Twitter clone on Cassandra},
	url={https://github.com/twissandra/twissandra},
	author={Twissandra},
	year={Accessed November 1, 2020}
}


