@techreport{antidote-white-paper,
	author	= {Deepthi Devaki Akkoorath and Annette Bieniusa},
	title	= {Antidote: the highly-available geo-replicated database with strongest guarantees},
	year	= {2016},
	url	= {https://pages.lip6.fr/syncfree/attachments/article/59/antidote-white-paper.pdf}
}

@inproceedings{burcu-netys,
	title	= {Verifying Weakly Consistent Transactional Programs using Symbolic Execution},
	author	= {B. Ozkan},
	booktitle	= {In Proc. 8th Int. Conference on Networked Systems (NETYS)},
	year	= {2020}
}

@book{cosmosdb,
	author	= {Paz, Jos Rolando Guay},
	title	= {Microsoft Azure Cosmos DB Revealed: A Multi-Modal Database Designed for the Cloud},
	year	= {2018},
	isbn	= {1484233506},
	publisher	= {Apress},
	address	= {USA},
	edition	= {1st},
}

@manual{eshop,
	title	= {Microservices Application},
	url	= {https://github.com/dotnet-architecture/eShopOnContainers},
	year	= {2020},
}

@manual{tpcc-spec,
	title	= {TPC-C Specification},
	url	= {http://tpc.org/tpc_documents_current_versions/pdf/tpc-c_v5.11.0.pdf},
	year	= {2020},
}

@manual{tpcc-bench,
	title	= {TPC-C Benchmark},
	url	= {http://www.tpc.org/tpcc},
	year	= {2020},
}

@manual{mariadb,
	title	= {MariaDB},
	url	= {https://mariadb.org},
	year	= {2020},
}

@techreport{ansi,
	author	= {ANSI X3},
	title	= {135-1992. American National Standard for Information Systems-Database Language-SQL},
	year	= {1992},
}

@techreport{adya-thesis,
	author	= {Adya, A.},
	title	= {Weak Consistency: A Generalized Theory and Optimistic Implementations for Distributed Transactions},
	year	= {1999},
	publisher	= {Massachusetts Institute of Technology},
	address	= {USA}
}

@manual{cosmosdb-consistency,
	title	= {Consistency Levels in Azure Cosmos DB},
	url	= {https://docs.microsoft.com/en-us/azure/cosmos-db/consistency-levels},
	year	= {2020},
}

@manual{cosmosdb-local,
	title	= {Azure Cosmos DB Local Emulator},
	url	= {https://docs.microsoft.com/en-us/azure/cosmos-db/local-emulator},
	year	= {2020},
}

@manual{jepsen-decap,
	title	= {Jepsen},
	url	= {https://jepsen.io},
	year	= {2020},
}

@misc{coyote-web,
	author	= {Microsoft Coyote},
	title	= {Fearless coding for reliable asynchronous software},
	url	= {https://github.com/microsoft/coyote},
	year	= {2019}
}

@misc{jdbc,
	author	= {Java Platform},
	title	= {JDBC: Java Database Connectivity API},
	url	= {https://en.wikipedia.org/wiki/Java_Database_Connectivity}
}

@manual{twissandra,
	title	= {Twitter clone on Cassandra},
	url	= {https://github.com/twissandra/twissandra},
	author	= {Twissandra},
	year	= {Accessed November 1, 2020}
}


